@misc{pp,
  title={RISC-V FPGA-based CPU and Language},
  url={https://fysh-fyve.github.io/ECE492_RISCV_PP.pdf},
  author={Knudsen, Steven},
  year={2023},
  month={Dec}
}

@misc{ppr,
  title={Proposal Response: RISC-V FPGA-based CPU and Language},
  url={https://fysh-fyve.github.io/ECE492_RISCV_PPR_V01.pdf},
  author={Ancheta, Charles and Al-Shamali, Yahya and Prince, Kyle},
  year={2024},
  month={Jan}
}

@misc{riscv,
  title={RISC-V International â€“ RISC-V: The Open Standard RISC Instruction Set Architecture},
  url={https://riscv.org/},
  year={2024},
  month={Feb},
  date={10},
}
